<record><leader>00000cas a22000007a 4500</leader><controlfield tag="001">10843295</controlfield><controlfield tag="008">840614c19849999iauwr ne      0   a0eng d</controlfield><datafield ind1=" " ind2=" " tag="010"><subfield code="a">sn 84006184 </subfield></datafield><datafield ind1=" " ind2=" " tag="040"><subfield code="a">NSD</subfield><subfield code="b">eng</subfield><subfield code="c">NSD</subfield><subfield code="d">INP</subfield><subfield code="d">NSD</subfield><subfield code="d">INP</subfield><subfield code="d">NSD</subfield><subfield code="d">INP</subfield><subfield code="d">OCLCQ</subfield></datafield><datafield ind1=" " ind2=" " tag="012"><subfield code="j">1</subfield><subfield code="k">1</subfield><subfield code="l">p</subfield><subfield code="m">1</subfield></datafield><datafield ind1="1" ind2=" " tag="022"><subfield code="a">0747-430X</subfield><subfield code="l">0747-430X</subfield><subfield code="y">9747-430X</subfield><subfield code="2">1</subfield></datafield><datafield ind1=" " ind2=" " tag="032"><subfield code="a">377400</subfield><subfield code="b">USPS</subfield></datafield><datafield ind1=" " ind2=" " tag="037"><subfield code="b">Nevada Journal, P.O. Box 380, Ames, IA 50010</subfield></datafield><datafield ind1=" " ind2=" " tag="042"><subfield code="a">nsdp</subfield></datafield><datafield ind1="0" ind2=" " tag="130"><subfield code="a">Nevada journal (Nevada, Iowa : 1984)</subfield></datafield><datafield ind1=" " ind2="0" tag="222"><subfield code="a">Nevada journal</subfield><subfield code="b">(Nevada, Iowa)</subfield></datafield><datafield ind1="1" ind2="0" tag="245"><subfield code="a">Nevada journal.</subfield></datafield><datafield ind1=" " ind2=" " tag="260"><subfield code="a">Nevada, Story County, Iowa :</subfield><subfield code="b">Nevada Newspapers, Inc.,</subfield><subfield code="c">1984-</subfield></datafield><datafield ind1=" " ind2=" " tag="300"><subfield code="a">v. :</subfield><subfield code="b">ill.</subfield></datafield><datafield ind1=" " ind2=" " tag="310"><subfield code="a">Weekly,</subfield><subfield code="b">&lt;Dec. 1, 1988-&gt;</subfield></datafield><datafield ind1=" " ind2=" " tag="321"><subfield code="a">Semiweekly,</subfield><subfield code="b">June 2, 1987-</subfield></datafield><datafield ind1=" " ind2=" " tag="321"><subfield code="a">Triweekly,</subfield><subfield code="b">June 5, 1984-</subfield></datafield><datafield ind1="0" ind2=" " tag="362"><subfield code="a">90th year, no. 60 (June 5, 1984)-</subfield></datafield><datafield ind1=" " ind2=" " tag="500"><subfield code="a">Publisher varies: Partnership Press, &lt;Dec. 1, 1988-&gt;.</subfield></datafield><datafield ind1=" " ind2=" " tag="588"><subfield code="a">Latest issue consulted: Thursday, Dec. 1, 1988.</subfield></datafield><datafield ind1=" " ind2=" " tag="752"><subfield code="a">United States</subfield><subfield code="b">Iowa</subfield><subfield code="c">Story</subfield><subfield code="d">Nevada.</subfield></datafield><datafield ind1="0" ind2="0" tag="780"><subfield code="t">Nevada evening journal (Nevada, Iowa : 1928)</subfield><subfield code="w">(DLC)sn 85050786</subfield></datafield><datafield ind1="1" ind2=" " tag="029"><subfield code="a">AU@</subfield><subfield code="b">000025795844</subfield></datafield></record>